
@misc{rombach2022highresolutionimagesynthesislatent,
      title={High-Resolution Image Synthesis with Latent Diffusion Models}, 
      author={Robin Rombach and Andreas Blattmann and Dominik Lorenz and Patrick Esser and Björn Ommer},
      year={2022},
      eprint={2112.10752},
      archivePrefix={arXiv},
      primaryClass={cs.CV},
      url={https://arxiv.org/abs/2112.10752}, 
}

@misc{podell2023sdxlimprovinglatentdiffusion,
      title={SDXL: Improving Latent Diffusion Models for High-Resolution Image Synthesis}, 
      author={Dustin Podell and Zion English and Kyle Lacey and Andreas Blattmann and Tim Dockhorn and Jonas Müller and Joe Penna and Robin Rombach},
      year={2023},
      eprint={2307.01952},
      archivePrefix={arXiv},
      primaryClass={cs.CV},
      url={https://arxiv.org/abs/2307.01952}, 
}

@misc{hu2021loralowrankadaptationlarge,
      title={LoRA: Low-Rank Adaptation of Large Language Models}, 
      author={Edward J. Hu and Yelong Shen and Phillip Wallis and Zeyuan Allen-Zhu and Yuanzhi Li and Shean Wang and Lu Wang and Weizhu Chen},
      year={2021},
      eprint={2106.09685},
      archivePrefix={arXiv},
      primaryClass={cs.CL},
      url={https://arxiv.org/abs/2106.09685}, 
}

@misc{kohya_ss,
  title={{kohya\_ss}: A Versatile Trainer for Stable Diffusion LoRA},
  author={Kohya},
  year={2023},
  url={https://github.com/kohya-ss/sd-scripts},
  urlaccessdate={5 may 2025},
  keywords={LoRA,Stable Diffusion,fine-tuning}
}

@misc{comfyui,
  title={ComfyUI: Node-based Workflow for Stable Diffusion},
  author={Comfyanonymous},
  year={2024},
  url={https://github.com/comfyanonymous/ComfyUI},
  urlaccessdate={5 may 2025},
  keywords={Stable Diffusion,workflow,GUI}
}

@misc{gal2022imageworthwordpersonalizing,
      title={An Image is Worth One Word: Personalizing Text-to-Image Generation using Textual Inversion}, 
      author={Rinon Gal and Yuval Alaluf and Yuval Atzmon and Or Patashnik and Amit H. Bermano and Gal Chechik and Daniel Cohen-Or},
      year={2022},
      eprint={2208.01618},
      archivePrefix={arXiv},
      primaryClass={cs.CV},
      url={https://arxiv.org/abs/2208.01618}, 
}

@misc{ruiz2023dreamboothfinetuningtexttoimage,
      title={DreamBooth: Fine Tuning Text-to-Image Diffusion Models for Subject-Driven Generation}, 
      author={Nataniel Ruiz and Yuanzhen Li and Varun Jampani and Yael Pritch and Michael Rubinstein and Kfir Aberman},
      year={2023},
      eprint={2208.12242},
      archivePrefix={arXiv},
      primaryClass={cs.CV},
      url={https://arxiv.org/abs/2208.12242}, 
}

@misc{mcwilliams2024diffusionaugmentation,
      title={Diffusion Augmentation for Remote Sensing Data}, 
      author={A. McWilliams},
      year={2024},
      howpublished={Master's thesis, Miami University},
      url={http://rave.ohiolink.edu/etdc/view?acc_num=miami1722595711333858},
      note={OhioLINK Electronic Theses and Dissertations Center}
}

@misc{zhu2024logostickerinsertinglogosdiffusion,
      title={LogoSticker: Inserting Logos into Diffusion Models for Customized Generation}, 
      author={Mingkang Zhu and Xi Chen and Zhongdao Wang and Hengshuang Zhao and Jiaya Jia},
      year={2024},
      eprint={2407.13752},
      archivePrefix={arXiv},
      primaryClass={cs.CV},
      url={https://arxiv.org/abs/2407.13752}, 
}

@misc{gao2024dtia,
      title={DTIA: Disruptive Text-Image Alignment for Countering Text-to-Image Diffusion Model Personalization},
      author={Y. Gao and J. Yang and M. Wu and C. Zhao and A. Su and J. Song and Z. Yu},
      year={2024},
      journal={Data Science and Engineering},
      doi={10.1007/s41019-024-00272-9},
      url={https://doi.org/10.1007/s41019-024-00272-9}
}

@misc{looka,
  title={Looka: Logo Maker and Brand Tools},
  author={Looka Inc.},
  year={2025},
  url={https://www.looka.com},
  urlaccessdate={5 may 2025},
  keywords={logo,brand,AI}
}

@misc{brandcrowd,
  title={BrandCrowd: Logo Maker and Design Templates},
  author={BrandCrowd Pty Ltd},
  year={2025},
  url={https://www.brandcrowd.com},
  urlaccessdate={5 may 2025},
  keywords={logo,brand,AI}
}

@misc{tailorbrands,
  title={Tailor Brands: AI Logo Maker \& Branding Tools},
  author={Tailor Brands Ltd.},
  year={2025},
  url={https://www.tailorbrands.com},
  urlaccessdate={5 may 2025},
  keywords={logo,brand,AI}
}

@misc{turn10view0,
  author       = {GitHub-Users},
  title        = {Working textual inversion with 6 GB VRAM (\#4296)},
  howpublished = {\url{https://github.com/AUTOMATIC1111/stable-diffusion-webui/discussions/4296}},
  year         = {2022},
  urlaccessdate={7 may 2025}
}

@misc{turn20view0,
  author       = {HuggingFace},
  title        = {Textual Inversion — Training Guide},
  howpublished = {\url{https://huggingface.co/docs/diffusers/en/training/textual_inversion}},
  year         = {2024},
  urlaccessdate={7 may 2025}
}

@misc{turn4view0,
  author       = {HuggingFace},
  title        = {DreamBooth — Training on 16 GB GPUs},
  howpublished = {\url{https://huggingface.co/docs/diffusers/en/training/dreambooth}},
  year         = {2024},
  note         = {Seção "Optimizations for different GPU sizes"},
  urlaccessdate={7 may 2025}
}

@misc{turn16view0,
  author       = {HuggingFace},
  title        = {DreamBooth — Finetuning the text encoder (24 GB VRAM case)},
  howpublished = {\url{https://huggingface.co/docs/diffusers/v0.22.1/en/training/dreambooth}},
  year         = {2024},
  urlaccessdate={7 may 2025}
}

@misc{turn18view0,
  author       = {HuggingFace},
  title        = {LoRA — Low-Rank Adaptation Training Guide},
  howpublished = {\url{https://huggingface.co/docs/diffusers/en/training/lora}},
  year         = {2024},
  note         = {Trecho sobre consumo de 11 GB de VRAM},
  urlaccessdate={7 may 2025}
}

@misc{turn21view0,
  author       = {Hugging Face},
  title        = {LoRA — Full training run takes 5 h on RTX 2080 Ti},
  howpublished = {\url{https://huggingface.co/docs/diffusers/en/training/lora}},
  year         = {2024},
  note         = {Frase "A full training run takes 5 hours on a 2080 Ti GPU with 11 GB of VRAM."},
  urlaccessdate={7 may 2025}
}
